<record><leader>00000cas a22000007a 4500</leader><controlfield tag="001">11855046</controlfield><controlfield tag="008">850327d18501916nyuwr ne      0    0eng d</controlfield><datafield ind1=" " ind2=" " tag="010"><subfield code="a">sn 85025685 </subfield></datafield><datafield ind1=" " ind2=" " tag="040"><subfield code="a">NPX</subfield><subfield code="b">eng</subfield><subfield code="c">NPX</subfield><subfield code="d">NYG</subfield><subfield code="d">NYS</subfield><subfield code="d">OCL</subfield><subfield code="d">OCLCQ</subfield><subfield code="d">OCLCF</subfield><subfield code="d">OCLCO</subfield></datafield><datafield ind1=" " ind2=" " tag="042"><subfield code="a">msc</subfield></datafield><datafield ind1=" " ind2=" " tag="043"><subfield code="a">n-us-ny</subfield></datafield><datafield ind1="0" ind2="0" tag="245"><subfield code="a">Rockland County journal.</subfield></datafield><datafield ind1="1" ind2="3" tag="246"><subfield code="a">Rockland journal</subfield></datafield><datafield ind1=" " ind2=" " tag="260"><subfield code="a">Nyack [N.Y.] :</subfield><subfield code="b">William G. Haeselbarth,</subfield><subfield code="c">1850-</subfield></datafield><datafield ind1=" " ind2=" " tag="300"><subfield code="a">v.</subfield></datafield><datafield ind1=" " ind2=" " tag="310"><subfield code="a">Weekly</subfield></datafield><datafield ind1="0" ind2=" " tag="362"><subfield code="a">Vol. 1, no. 1 (Aug. 3, 1850)-</subfield></datafield><datafield ind1="1" ind2=" " tag="362"><subfield code="a">Ceased in 1916?</subfield><subfield code="z">Cf. Gregory, W. Amer. newspapers.</subfield></datafield><datafield ind1=" " ind2=" " tag="500"><subfield code="a">"County" appears in title ornament, &lt;1876&gt;.</subfield></datafield><datafield ind1=" " ind2=" " tag="500"><subfield code="a">Editors: William G. Haeselbarth, &lt;1857-1866&gt;; John Charlton, Jr., &lt;1868&gt;; John Charlton, &lt;1872-1876&gt;.</subfield></datafield><datafield ind1=" " ind2=" " tag="500"><subfield code="a">Publishers: William G. Haeselbarth, &lt;1851-1857&gt;; Richard P. Eells, &lt;1865-1866&gt;; John Charlton, Jr., &lt;1868&gt;; John Charlton, &lt;1872-1884&gt;.</subfield></datafield><datafield ind1=" " ind2=" " tag="500"><subfield code="a">"Republican."</subfield></datafield><datafield ind1=" " ind2=" " tag="580"><subfield code="a">Daily ed.: Nyack evening journal.</subfield></datafield><datafield ind1=" " ind2="0" tag="651"><subfield code="a">Nyack (N.Y.)</subfield><subfield code="v">Newspapers.</subfield></datafield><datafield ind1=" " ind2="7" tag="655"><subfield code="a">Newspapers.</subfield><subfield code="2">fast</subfield><subfield code="0">(OCoLC)fst01423814</subfield></datafield><datafield ind1=" " ind2="7" tag="651"><subfield code="a">New York (State)</subfield><subfield code="z">Nyack.</subfield><subfield code="2">fast</subfield><subfield code="0">(OCoLC)fst01232831</subfield></datafield><datafield ind1=" " ind2=" " tag="752"><subfield code="a">United States</subfield><subfield code="b">New York</subfield><subfield code="c">Rockland</subfield><subfield code="d">Nyack.</subfield></datafield><datafield ind1="1" ind2=" " tag="775"><subfield code="t">Nyack evening journal</subfield><subfield code="w">(DLC)sn 91066115</subfield><subfield code="w">(OCoLC)20568630</subfield></datafield></record>